<?xml version="1.0" encoding="UTF-8"?><collection xmlns="http://www.loc.gov/MARC21/slim"><record><leader>00364nam--2200145-i-4500</leader><controlfield tag="001">000045665</controlfield><controlfield tag="002">20161230</controlfield><controlfield tag="005">20161230201045</controlfield><controlfield tag="008">060222s1000------------r-----000-0-eng-d</controlfield><datafield ind1=" " ind2=" " tag="080"><subfield code="a">620.9</subfield></datafield><datafield ind1=" " ind2=" " tag="100"><subfield code="a">Tutuianu, Ovidiu</subfield></datafield><datafield ind1=" " ind2=" " tag="245"><subfield code="a">Stocarea energiei</subfield></datafield><datafield ind1=" " ind2=" " tag="260"><subfield code="a">Bucuresti, Ed.Tehnica, 1987, 163p</subfield></datafield><datafield ind1=" " ind2=" " tag="490"><subfield code="a">Colectia `Stiinta Si Tehnica Pt.Toti`</subfield></datafield><datafield ind1=" " ind2=" " tag="852"><subfield code="a">74169</subfield></datafield></record></collection>